
https://cloud.acrobat.com/folder/75b22a92-59ab-464c-8f5d-08af8127115e
